@book{bambi2017black,
  title={Black holes: a laboratory for testing strong gravity},
  author={Bambi C.},
  year={2017},
  publisher={Springer}
}

@article{bambi2018astrophysical,
  title={Astrophysical black holes: a compact pedagogical review},
  author={Bambi C.},
  journal={Annalen der Physik},
  volume={530},
  number={6},
  pages={1700430},
  year={2018},
  publisher={Wiley Online Library}
}

@article{teukolsky2015kerr,
  title={The {K}err metric},
  author={Teukolsky S. A.},
  journal={Classical and Quantum Gravity},
  volume={32},
  number={12},
  pages={124006},
  year={2015},
  publisher={IOP Publishing},
  note={\url{https://iopscience.iop.org/article/10.1088/0264-9381/32/12/124006/pdf?casa_token=RE0KrWC5n2AAAAAA:QR5Jhsy17g8H8eEC18Rcy_uHeSTsgK1W9hTdhK-dP7iRJCNFEQsQHTP1C32zQfSmXuSa7pc}}
}

@article{muller2007experimental,
  title={Experimental evidence of black holes},
  author={M{\"u}ller A.},
  journal={arXiv preprint astro-ph/0701228,30pp},
  year={2007},
  note={\url{https://arxiv.org/pdf/astro-ph/0701228.pdf}}
}

@article{kerr1963gravitational,
  title={Gravitational field of a spinning mass as an example of algebraically special metrics},
  author={Kerr, Roy P},
  journal={Physical review letters},
  volume={11},
  number={5},
  pages={237pp},
  year={1963},
  publisher={APS},
  note={\url{https://journals.aps.org/prl/pdf/10.1103/PhysRevLett.11.237?casa_token=xT-vlpE0CEIAAAAA\%3AWbazOMByKbiHKcvr5rny7LgLGo711hnrsRgJldlgDSYbD6yDW-2TaTNFNc5rk9sNHGPyA9-BluhI}}
}

@article{sarbach2011relatividad,
  title={Relatividad general. {C}urso de maestría. {U}niversidad {M}ichoacana de {S}an {N}icolas de {H}idalgo. 157pp},
  author={Sarbach O.},
  year={2011},
  note={\url{https://docplayer.es/23864250-Relatividad-general-curso-de-maestria-olivier-sarbach-instituto-de-fisica\\-y-matematicas-universidad-michoacana-de-san-nicolas-de-hidalgo.html}}
}

@article{janssen2013teoria,
  title={Teor{\i}a de la Relatividad general},
  author={Janssen B.},
  journal={Granada: Universidad de Granada, 243pp},
  note={\url{http://www.ugr.es/~bjanssen/text/BertJanssen-RelatividadGeneral.pdf}},
  year={2013}
}
@mastersthesis{rodriguez2019solucion,
  title={Soluci{\'o}n de {S}chwarzschild corregida por medio de asymptotic Safety},
  author={Rodr{\'\i}guez Torres D. A.},
  type={{B.S.} thesis. {D}ocumento inédito},
  year={2019},
  school={Universidad de los Andes, 40pp},
  note={\url{https://repositorio.uniandes.edu.co/bitstream/handle/1992/44563/u830699.pdf?sequence=1&isAllowed=y}}}

@article{borghiagujeros,
  author={Borghi M.},
  title={Agujeros negros de {K}err, 27pp},
  year={2014},
  note={Disponible en: www.academia.edu \href{https://d1wqtxts1xzle7.cloudfront.net/53760659/Borghi_Agujeros_negros_de_Kerr-with-cover-page-v2.pdf?Expires=1636656004&Signature=CzAqQfWxYyxNiFmA1TUk8Pex6tIOyPbHd8oJsjZSWAVMIn8cL6DARYhIY5quA0n7MSAsv72Y-FWaUwIyUYKqzf9ChJq8AWQ0s6GQAThr~VAGF0wizx739LYskvBvmeoUAe~qflSiQeGtScwVMBHJq-WXxSn6pzHKXx8ipO2iwKUOSJt~qMjzHWjd7s6bJ0GhwN0irRmHn0UwuDsyjls9bVsGY~Ngr1HB5rwCbgHes7N~ErhY8Ebnrd4QBdy4VNvSjn60VMRuz~5yqhNXu534OfMFzbCiol57wXbpzV052iBNH1yeO-bPLweg5cd4dDLhx4IvKTEkIM77lsYsdxegXA__&Key-Pair-Id=APKAJLOHF5GGSLRBV4ZA}{link}}
}

@article{jeffersonagujeros,
  title={Agujeros Negros de {K}err, 17pp},
  author={Londoño J. C. and Velasquez E.},
  note={\url{https://www.researchgate.net/profile/Jefferson-Londono-Cardoso-2/publication/328380970_Agujeros_Negros_de_Kerr/links/5bc94e6392851cae21b1d2fd/Agujeros-Negros-de-Kerr.pdf}}
}

@article{sandoval2009perturbaciones,
  title={Perturbaciones Gravitacionales a la m{\'e}trica de {K}err. {M}.{S}. thesis. {D}ocumento inedito. 53pp},
  author={Ranea Sandoval I. F.},
  year={2009},
  school={Universidad Nacional de La Plata},
note={\url{http://carina.fcaglp.unlp.edu.ar/ggac/archivos/ranea_tesis-lic.pdf}}
}

@mastersthesis{garcia2007termodinamica,
  title={Termodin{\'a}mica de agujeros negros y teor{\'\i}a de informaci{\'o}n},
  author={Garc{\'\i}a L{\'o}pez L. A.},
  type={{B.S.} thesis},
  year={2007},
  school={Documento inédito, Universidad de los Andes, 55pp},
  note={\url{https://repositorio.uniandes.edu.co/bitstream/handle/1992/26048/u295559.pdf?sequence=1}}
}

@article{kerr1979singularities,
  title={Singularities in the {K}err-{S}child metrics},
  author={Kerr, Roy P and Wilson, Brent W.},
  journal={General Relativity and Gravitation},
  volume={10},
  number={4},
  pages={273--281},
  year={1979},
  publisher={Springer}
}
@article{penrose1971extraction,
  title={Extraction of rotational energy from a black hole},
  author={Penrose R. and Floyd R. M.},
  journal={Nature Physical Science},
  volume={229},
  number={6},
  pages={177--179},
  year={1971},
  publisher={Nature Publishing Group},
  note={\url{http://old.phys.huji.ac.il/~barak_kol/Courses/Black-holes/reading-papers/Penrose_Process.pdf}}
}

@article{genzel2005sinfoni,
  title={SINFONI in the galactic center: young stars and infrared flares in the central light-month},
  author={Eisenhauer F. and Genzel R. and Alexander T. and Abuter R. and Paumard T. and Ott T. and Gilbert A. and Gillessen S. and Horrobin M. and Trippe S. and others},
  journal={The Astrophysical Journal},
  volume={628},
  number={1},
  pages={246},
  year={2005},
  publisher={IOP Publishing},
  note={\url{https://iopscience.iop.org/article/10.1086/430667/pdf}}
}
@article{riazuelo2019seeing,
  title={Seeing relativity-I: Ray tracing in a {S}chwarzschild metric to explore the maximal analytic extension of the metric and making a proper rendering of the stars},
  author={Riazuelo A.},
  journal={International Journal of Modern Physics D},
  volume={28},
  number={02},
  pages={1950042},
  year={2019},
  publisher={World Scientific},
  note={\url{https://arxiv.org/pdf/1511.06025.pdf}}
}
@article{almeida2021thermodynamics,
  title={The thermodynamics of black holes: from {P}enrose process to {H}awking radiation},
  author={Rodrigues Almeida C.},
  journal={The European Physical Journal H},
  volume={46},
  number={1},
  pages={1--14},
  year={2021},
  publisher={Springer},
  note={\url{https://link.springer.com/content/pdf/10.1140/epjh/s13129-021-00022-9.pdf}}
}
@article{levin2008periodic,
  title={A periodic table for black hole orbits},
  author={Levin J. and Perez-Giz G.},
  journal={Physical Review D},
  volume={77},
  number={10},
  pages={103005},
  year={2008},
  publisher={APS},
  note={\url{https://journals.aps.org/prd/pdf/10.1103/PhysRevD.77.103005?casa_token=s9-svarAdBAAAAAA\%3AEiYYuMtLAKZwophpTG82CnDkKsrP57CwfTZMueGvt2Ii3ofpUq6YiV6iqwGGD0nj4qP3g1EjCOBx}}
}
@incollection{abbott2017observation,
  title={Observation of gravitational waves from a binary black hole merger},
  author={B. P., Abbott and LIGO Scientific Collaboration and Virgo Collaboration},
  booktitle={Centennial of General Relativity: A Celebration, 291-311},
  year={2017},
  publisher={World Scientific},
  note={\url{https://journals.aps.org/prl/pdf/10.1103/PhysRevLett.116.061102}}
}
@article{kalogera1996maximum,
  title={The maximum mass of a neutron star},
  author={Kalogera V. and Baym G.},
  journal={The Astrophysical Journal Letters},
  volume={470},
  number={1},
  pages={L61},
  year={1996},
  publisher={IOP Publishing},
  note={\url{https://arxiv.org/pdf/astro-ph/9608059.pdf}}
}
@article{meszaros2006gamma,
  title={Gamma-ray bursts},
  author={P., Meszaros},
  journal={Reports on Progress in Physics},
  volume={69},
  number={8},
  pages={2259},
  year={2006},
  publisher={IOP Publishing},
  note={\url{https://arxiv.org/pdf/astro-ph/0605208.pdf}}
}

@article{event2019firstI,
  title={First {M}87 event horizon telescope results. {I}. {T}he shadow of the supermassive black hole, 17pp},
  author={Event Horizon Telescope Collaboration},
  journal={arXiv preprint arXiv:1906.11238},
  year={2019},
  note={\url{https://arxiv.org/ftp/arxiv/papers/1906/1906.11238.pdf}}
}

@article{event2019firstII,
  title={First M87 event horizon telescope results. II. Array and instrumentation},
  author={Event Horizon Telescope Collaboration and others},
  journal={arXiv preprint arXiv:1906.11239},
  year={2019}
}

@article{event2019firstIII,
  title={First M87 event horizon telescope results. III. Data processing and calibration},
  author={Event Horizon Telescope Collaboration and others},
  journal={arXiv preprint arXiv:1906.11240},
  year={2019}
}

@article{event2019firstIV,
  title={First M87 event horizon telescope results. IV. Imaging the central supermassive black hole},
  author={Event Horizon Telescope Collaboration and others},
  journal={arXiv preprint arXiv:1906.11241},
  year={2019}
}

@article{akiyama2019firstV,
  title={First M87 event horizon telescope results. V. Physical origin of the asymmetric ring},
  author={Akiyama, Kazunori and Alberdi, Antxon and Alef, Walter and Asada, Keiichi and Azulay, Rebecca and Baczko, Anne-Kathrin and Ball, David and Balokovi{\'c}, Mislav and Barrett, John and Bintley, Dan and others},
  journal={The Astrophysical Journal Letters},
  volume={875},
  number={1},
  pages={L5},
  year={2019},
  publisher={IOP Publishing}
}

@article{event2019firstVI,
  title={First M87 event horizon telescope results. VI. The shadow and mass of the central black hole},
  author={Event Horizon Telescope Collaboration and others},
  journal={arXiv preprint arXiv:1906.11243},
  year={2019}
}

@article{akiyama2021firstVII,
  title={First M87 Event Horizon Telescope Results. VII. Polarization of the Ring},
  author={Akiyama, Kazunori and Algaba, Juan Carlos and Alberdi, Antxon and Alef, Walter and Anantua, Richard and Asada, Keiichi and Azulay, Rebecca and Baczko, Anne-Kathrin and Ball, David and Balokovi{\'c}, Mislav and others},
  journal={The Astrophysical Journal Letters},
  volume={910},
  number={1},
  pages={L12},
  year={2021},
  publisher={IOP Publishing}
}

@article{akiyama2021firstVIII,
  title={First M87 Event Horizon Telescope Results. VIII. Magnetic Field Structure near The Event Horizon},
  author={Akiyama, Kazunori and Algaba, Juan Carlos and Alberdi, Antxon and Alef, Walter and Anantua, Richard and Asada, Keiichi and Azulay, Rebecca and Baczko, Anne-Kathrin and Ball, David and Balokovi{\'c}, Mislav and others},
  journal={The Astrophysical Journal Letters},
  volume={910},
  number={1},
  pages={L13},
  year={2021},
  publisher={IOP Publishing}
}

@article{misner1973gravitation,
  title={Gravitation. {W}. {H}. {F}reeman and {C}o},
  author={Misner C. W. and Thorne K. S. and Wheeler J. A.},
  journal={San Francisco, 1278pp},
  year={1973},
  note={\url{http://xdel.ru/downloads/lgbooks/Misner\%20C.W.\%2C\%20Thorne\%20K.S.\%2C\%20Wheeler\%20J.A.\%20Gravitation\%20\%28Freeman\%2C\%201973\%29\%28K\%29\%28T\%29\%281304s\%29_PGr_.pdf}}
}

@article{zamorageodesicas,
  title={Geod{\'e}sicas en la m{\'e}trica de {S}chwarzschild y {K}err. Tratamiento num{\'e}rico. {D}ocumento inédito, 33pp, 2021},
  author={Zamora Ramos R.},
  note={\url{http://www.rafaelzamora.es/Geodesicas_en_la_metrica_de_Schwarzschild_y_Kerr.pdf}}
  
}

@article{bambhaniya2021precession,
  title={Precession of timelike bound orbits in {K}err spacetime},
  author={Bambhaniya P. and Solanki D. N. and Dey D. and Joshi A. B. and Joshi P. S. and Patel V.},
  journal={The European Physical Journal C},
  volume={81},
  number={3},
  pages={1--11},
  year={2021},
  publisher={Springer},
  note={\url{https://arxiv.org/pdf/2007.12086.pdf}}
}